<record><leader>00000cas a2200000 a 4500</leader><controlfield tag="001">11471217</controlfield><controlfield tag="008">841208d19591972hiuwr n       0    0eng d</controlfield><datafield ind1=" " ind2=" " tag="010"><subfield code="a">sn 84045359 </subfield></datafield><datafield ind1=" " ind2=" " tag="040"><subfield code="a">HUH</subfield><subfield code="b">eng</subfield><subfield code="c">HUH</subfield><subfield code="d">HWN</subfield><subfield code="d">OCL</subfield><subfield code="d">OCLCQ</subfield></datafield><datafield ind1=" " ind2=" " tag="042"><subfield code="a">msc</subfield></datafield><datafield ind1=" " ind2=" " tag="043"><subfield code="a">n-us-hi</subfield></datafield><datafield ind1=" " ind2=" " tag="090"><subfield code="a">AN2</subfield><subfield code="b">.H349</subfield></datafield><datafield ind1="0" ind2="0" tag="245"><subfield code="a">Leeward press.</subfield></datafield><datafield ind1="1" ind2="3" tag="246"><subfield code="a">Hawaii press.</subfield><subfield code="p">Leeward ed.</subfield><subfield code="f">Dec. 7, 1966-Nov. 8, 1967</subfield></datafield><datafield ind1=" " ind2=" " tag="260"><subfield code="a">Honolulu :</subfield><subfield code="b">Leeward Press</subfield></datafield><datafield ind1=" " ind2=" " tag="300"><subfield code="a">13 v. :</subfield><subfield code="b">ill. ;</subfield><subfield code="c">56 cm.</subfield></datafield><datafield ind1=" " ind2=" " tag="310"><subfield code="a">Weekly</subfield></datafield><datafield ind1="0" ind2=" " tag="362"><subfield code="a">-v. 13, no. 4 (Jan. 26, 1972).</subfield></datafield><datafield ind1="1" ind2=" " tag="362"><subfield code="a">Began in 1959.</subfield></datafield><datafield ind1=" " ind2=" " tag="500"><subfield code="a">Issues for Dec. 7, 1966-Nov. 8, 1967 published as: The Hawaii press. Leeward edition.</subfield></datafield><datafield ind1=" " ind2=" " tag="515"><subfield code="a">Numerous irregularities in numbering.</subfield></datafield><datafield ind1=" " ind2=" " tag="588"><subfield code="a">Description based on: V. 6, no. 49 (Dec. 2, 1964).</subfield></datafield><datafield ind1=" " ind2="0" tag="651"><subfield code="a">Leeward Oahu Region (Hawaii)</subfield><subfield code="v">Periodicals.</subfield></datafield><datafield ind1=" " ind2=" " tag="752"><subfield code="a">United States</subfield><subfield code="b">Hawaii</subfield><subfield code="c">Honolulu</subfield><subfield code="d">Honolulu.</subfield></datafield><datafield ind1="0" ind2="7" tag="785"><subfield code="t">Wahiawa press</subfield><subfield code="w">(DLC)sn 84045360</subfield><subfield code="w">(OCoLC)11471223</subfield></datafield><datafield ind1="0" ind2="7" tag="785"><subfield code="t">Leeward &amp; Wahiawa sun press</subfield><subfield code="w">(DLC)sn 84045361</subfield><subfield code="w">(OCoLC)11471241</subfield></datafield></record>